@misc{VanderPlas_2013, 
  title={Kernel density estimation in python}, 
  url={https://jakevdp.github.io/blog/2013/12/01/kernel-density-estimation/}, 
  journal={Kernel Density Estimation in Python | Pythonic Perambulations}, 
  author={VanderPlas, Jake}, 
  year={2013}, 
  month={Dec}
}

@phdthesis{phdthesis,
  author = {Duvenaud, David},
  year = {2014},
  month = {11},
  title = {Automatic model construction with Gaussian processes}
}

@article{mahmoud2019parametric,
  title={Parametric versus semi and nonparametric regression models},
  author={Mahmoud, Hamdy FF},
  journal={arXiv preprint arXiv:1906.10221},
  year={2019}
}

@misc{ingle2019high,
  title={High Flux Passive Imaging with Single-Photon Sensors}, 
  author={Atul Ingle and Andreas Velten and Mohit Gupta},
  year={2019},
  eprint={1902.10190},
  archivePrefix={arXiv},
  primaryClass={eess.IV}
}

@misc{Figueira_2021, 
  title={Loess}, 
  url={https://towardsdatascience.com/loess-373d43b03564}, 
  journal={Medium}, 
  publisher={Towards Data Science}, 
  author={Figueira, Jo&amp;atilde;o Paulo}, 
  year={2021}, 
  month={Jun}
} 

@article{scikit-learn,
  title={Scikit-learn: Machine Learning in {P}ython},
  author={Pedregosa, F. and Varoquaux, G. and Gramfort, A. and Michel, V.
         and Thirion, B. and Grisel, O. and Blondel, M. and Prettenhofer, P.
         and Weiss, R. and Dubourg, V. and Vanderplas, J. and Passos, A. and
         Cournapeau, D. and Brucher, M. and Perrot, M. and Duchesnay, E.},
  journal={Journal of Machine Learning Research},
  volume={12},
  pages={2825--2830},
  year={2011}
}

@article{virtanen2020scipy,
  title={SciPy 1.0: fundamental algorithms for scientific computing in Python},
  author={Virtanen, Pauli and Gommers, Ralf and Oliphant, Travis E and Haberland, Matt and Reddy, Tyler and Cournapeau, David and Burovski, Evgeni and Peterson, Pearu and Weckesser, Warren and Bright, Jonathan and others},
  journal={Nature methods},
  volume={17},
  number={3},
  pages={261--272},
  year={2020},
  publisher={Nature Publishing Group}
}

@software{ayrton_bourn_2021_4812979,
  author={Ayrton Bourn and JDV},
  title={AyrtonB/Merit-Order-Effect: v1.1.4},
  month=may,
  year=2021,
  publisher={Zenodo},
  version={v1.1.4},
  doi={10.5281/zenodo.4812979},
  url={https://doi.org/10.5281/zenodo.4812979}
}

@article{wang2020intuitive,
  title={An intuitive tutorial to Gaussian processes regression},
  author={Wang, Jie},
  journal={arXiv preprint arXiv:2009.10862},
  year={2020}
}

@misc{Sadekar_2023, 
  url={https://kaustubh-sadekar.github.io/SPAD-Simulator/}, 
  journal={Simulating single photon cameras for supervised depth estimation}, 
  author={Sadekar, Kaustubh}, 
  year={2023}, 
  month={Jan}
}

@article{chen2018lecture,
  title={Lecture 6: Density estimation: Histogram and kernel density estimator},
  author={Chen, Yen-Chi},
  journal={STAT},
  volume={425},
  year={2018}
}
